@article{oneil1996logstructured,
  title={The Log-Structured Merge-Tree (LSM-Tree)},
  author={Oâ€™Neil, Patrick and Cheng, Edward and Gawlick, Dieter and O'Neil, Elizabeth},
  journal={Acta Informatica},
  volume={33},
  number={4},
  pages={351--385},
  year={1996},
}

@inproceedings{dayan2017monkey,
  title={Monkey: Optimal Navigable Key-Value Store},
  author={Dayan, Niv and Athanassoulis, Manos and Idreos, Stratos},
  booktitle={SIGMOD Conference},
  pages={79--94},
  publisher={Association for Computing Machinery},
  address={New York, NY, USA},
  year={2017},
}